% InterMOD 23652793 
@Article{sullivan2013,
   Author="Sullivan, J.  and Karra, K.  and Moxon, S. A.  and Vallejos, A.  and Motenko, H.  and Wong, J. D.  and Aleksic, J.  and Balakrishnan, R.  and Binkley, G.  and Harris, T.  and Hitz, B.  and Jayaraman, P.  and Lyne, R.  and Neuhauser, S.  and Pich, C.  and Smith, R. N.  and Trinh, Q.  and Cherry, J. M.  and Richardson, J.  and Stein, L.  and Twigger, S.  and Westerfield, M.  and Worthey, E.  and Micklem, G. ",
   Title="{{I}nter{M}{O}{D}: integrated data and tools for the unification of model organism research}",
   Journal="Sci Rep",
   Year="2013",
   Volume="3",
   Pages="1802"
}

% modMine 22080565 
@Article{contrino2012,
   Author="Contrino, S.  and Smith, R. N.  and Butano, D.  and Carr, A.  and Hu, F.  and Lyne, R.  and Rutherford, K.  and Kalderimis, A.  and Sullivan, J.  and Carbon, S.  and Kephart, E. T.  and Lloyd, P.  and Stinson, E. O.  and Washington, N. L.  and Perry, M. D.  and Ruzanov, P.  and Zha, Z.  and Lewis, S. E.  and Stein, L. D.  and Micklem, G. ",
   Title="{mod{M}ine: flexible access to mod{E}{N}{C}{O}{D}{E} data}",
   Journal="Nucleic Acids Res.",
   Year="2012",
   Volume="40",
   Number="Database issue",
   Pages="D1082--1088",
   Month="Jan"
}

% InterMine 23023984 
@Article{smith2012,
   Author="Smith, R. N.  and Aleksic, J.  and Butano, D.  and Carr, A.  and Contrino, S.  and Hu, F.  and Lyne, M.  and Lyne, R.  and Kalderimis, A.  and Rutherford, K.  and Stepan, R.  and Sullivan, J.  and Wakeling, M.  and Watkins, X.  and Micklem, G. ",
   Title="{{I}nter{M}ine: a flexible data warehouse system for the integration and analysis of heterogeneous biological data}",
   Journal="Bioinformatics",
   Year="2012",
   Volume="28",
   Number="23",
   Pages="3163--3165",
   Month="Dec"
}

@Article{biojs,
  Author="Corpas M.",
  Title="forthcoming",
  Journal="F1000"
}

% metabolicmine
% targetmine
% flytfmine
% mitominer
% yeastmine
% flymine
% omim
% panther
% treefam
% kegg
% reactome
% flybase
% galaxy
% genomespace

@misc{site:flymine,
  Title = "{F}lyMine",
  howpublished = "\url{http://www.flymine.org}",
  note = "[Online; accessed 21-Dec-2013]"
}

@misc{site:yeastmine,
  Title = "{Y}eastMine",
  howpublished = "\url{http://yeastmine.yeastgenome.org}",
  note = "[Online; accessed 21-Dec-2013]"
}

@misc{site:biojs,
  Title = "BioJS Project",
  howpublished = "\url{http://www.ebi.ac.uk/Tools/biojs}"
}
@misc{site:biojs-registry,
  Title = "BioJS Project Registry",
  howpublished = "\url{http://www.ebi.ac.uk/Tools/biojs/registry}"
}
@misc{site:biojs-doc,
  Title = "BioJS Project API documentation",
  howpublished = "\url{http://www.ebi.ac.uk/Tools/biojs/jsdoc}"
}

@misc{site:pqdocs,
  Title = "PathQuery documentation",
  howpublished = "\url{http://intermine.readthedocs.org/en/latest/api/pathquery/}"
}

@misc{site:flybase,
  Title = "FlyBase",
  howpublished = "\url{http://flybase.org}"
}

@misc{site:omim,
  Title = "OMIM",
  howpublished = "\url{http://omim.org}"
}
@misc{site:treefam,
  Title = "Treefam",
  howpublished = "\url{http://treefam.org}"
}
@misc{site:panter,
  Title = "Panther",
  howpublished = "\url{http://pantherdb.org}"
}

@misc{site:kegg,
  Title = "KEGG",
  howpublished = "\url{http://www.genome.jp/kegg/}"
}

@misc{site:reactome,
  Title = "Reactome",
  howpublished = "\url{http://www.reactome.org/}"
}

@misc{site:genomespace,
  Title = "Genomespace",
  howpublished = "\url{http://genomespace.org/}"
}

@misc{site:galaxy,
  Title = "Galaxy",
  howpublished = "\url{http://usegalaxy.org/}"
}
